\section{Bibliography}
@book{NW,
    title = {Numerical Optimization},
    author = {Jorge Nocedal and Stephen J. Wright},
    edition = "Second",
    isbn = {0387303030},
    year = {2006},
    publisher = {Springer},
    keywords = {math}
}